nashj@Jupiter.6650:1385829596