@article{hoffman2012stochastic,
  title={Stochastic variational inference},
  author={Hoffman, Matt and Blei, David M and Wang, Chong and Paisley, John},
  journal={arXiv preprint arXiv:1206.7051},
  year={2012}
}

@inproceedings{bock2012polyphonic,
  title={Polyphonic piano note transcription with recurrent neural networks},
  author={Bock, Sebastian and Schedl, Markus},
  booktitle={Acoustics, Speech and Signal Processing (ICASSP), 2012 IEEE International Conference on},
  pages={121--124},
  year={2012},
  organization={IEEE}
}

@inproceedings{nam2011classification,
  title={A Classification-Based Polyphonic Piano Transcription Approach Using Learned Feature Representations.},
  author={Nam, Juhan and Ngiam, Jiquan and Lee, Honglak and Slaney, Malcolm},
  booktitle={ISMIR},
  pages={175--180},
  year={2011}
}

@inproceedings{blei2010bayesian,
  title={Bayesian nonparametric matrix factorization for recorded music},
  author={Blei, David M and Cook, Perry R and Hoffman, Matthew},
  booktitle={Proceedings of the 27th International Conference on Machine Learning (ICML-10)},
  pages={439--446},
  year={2010}
}

@inproceedings{yoshii2010infinite,
  title={Infinite Latent Harmonic Allocation: A Nonparametric Bayesian Approach to Multipitch Analysis.},
  author={Yoshii, Kazuyoshi and Goto, Masataka},
  booktitle={ISMIR},
  pages={309--314},
  year={2010}
}

@article{emiya2010multipitch,
  title={Multipitch estimation of piano sounds using a new probabilistic spectral smoothness principle},
  author={Emiya, Valentin and Badeau, Roland and David, Bertrand},
  journal={Audio, Speech, and Language Processing, IEEE Transactions on},
  volume={18},
  number={6},
  pages={1643--1654},
  year={2010},
  publisher={IEEE}
}

@article{vincent2010adaptive,
  title={Adaptive harmonic spectral decomposition for multiple pitch estimation},
  author={Vincent, Emmanuel and Bertin, Nancy and Badeau, Roland},
  journal={Audio, Speech, and Language Processing, IEEE Transactions on},
  volume={18},
  number={3},
  pages={528--537},
  year={2010},
  publisher={IEEE}
}

@article{fevotte2009nonnegative,
  title={Nonnegative matrix factorization with the itakura-saito divergence: With application to music analysis},
  author={F{\'e}votte, C{\'e}dric and Bertin, Nancy and Durrieu, Jean-Louis},
  journal={Neural computation},
  volume={21},
  number={3},
  pages={793--830},
  year={2009},
  publisher={MIT Press}
}

@article{smaragdis2006probabilistic,
  title={A probabilistic latent variable model for acoustic modeling},
  author={Smaragdis, Paris and Raj, Bhiksha and Shashanka, Madhusudana},
  journal={Advances in models for acoustic processing, NIPS},
  volume={148},
  year={2006}
}

@article{poliner2006discriminative,
  title={A discriminative model for polyphonic piano transcription},
  author={Poliner, Graham E and Ellis, Daniel PW},
  journal={EURASIP Journal on Advances in Signal Processing},
  volume={2007},
  year={2006},
  publisher={Hindawi Publishing Corporation}
}

@inproceedings{abdallah2004polyphonic,
  title={Polyphonic music transcription by non-negative sparse coding of power spectra},
  author={Abdallah, Samer A and Plumbley, Mark D},
  booktitle={Proc. 5th Intâ€™l Conf. on Music Information Retrieval (ISMIR)},
  pages={10--14},
  year={2004}
}

@article{hoyer2004non,
  title={Non-negative matrix factorization with sparseness constraints},
  author={Hoyer, Patrik O},
  journal={The Journal of Machine Learning Research},
  volume={5},
  pages={1457--1469},
  year={2004},
  publisher={JMLR. org}
}


@article{klapuri2004automatic,
  title={Automatic music transcription as we know it today},
  author={Klapuri, Anssi P},
  journal={Journal of New Music Research},
  volume={33},
  number={3},
  pages={269--282},
  year={2004},
  publisher={Taylor \& Francis}
}

@inproceedings{boulangerlewandowski2012,
     author = {Boulanger-Lewandowski, Nicolas and Bengio, Yoshua and Vincent, Pascal},
      month = oct,
      title = {Discriminative Non-negative Matrix Factorization for Multiple Pitch Estimation},
  booktitle = {Proceedings of the 13th International Society for Music Information Retrieval Conference},
       year = {2012},
    address = {Porto, Portugal},
}

@inproceedings{smaragdis2003non,
  title={Non-negative matrix factorization for polyphonic music transcription},
  author={Smaragdis, Paris and Brown, Judith C},
  booktitle={Applications of Signal Processing to Audio and Acoustics, 2003 IEEE Workshop on.},
  pages={177--180},
  year={2003},
  organization={IEEE}
}
@inproceedings{weninger2013discriminative, 
	author={Weninger, F. and Kirst, C. and Schuller, B. and Bungartz, H.-J.}, 
	booktitle={Acoustics, Speech and Signal Processing (ICASSP), 2013 IEEE International Conference on}, 
	title={A discriminative approach to polyphonic piano note transcription using supervised non-negative matrix factorization}, 
	year={2013}, 
	pages={6-10}, 
	keywords={acoustic signal processing;feature extraction;information retrieval;learning (artificial intelligence);matrix decomposition;music;support vector machines;NMF dictionary learning;SVMs;activation feature extraction;discriminative training approach;large-scale evaluation;low-level spectral feature extraction;piano music;pitch activations;polyphonic piano note transcription;supervised nonnegative matrix factorization;support vector machines;Accuracy;Databases;Dictionaries;Feature extraction;Instruments;Support vector machines;Training;Transcription;music information retrieval;non-negative matrix factorization;sparse coding}, 
	doi={10.1109/ICASSP.2013.6637598}, 
	ISSN={1520-6149}
}

@inproceedings{niedermayer2008non,
  added-at = {2009-12-28T00:00:00.000+0100},
  author = {Niedermayer, Bernhard},
  biburl = {http://www.bibsonomy.org/bibtex/2d7a9d2883b0015a479e3d7a53696fb7f/dblp},
  booktitle = {ISMIR},
  crossref = {conf/ismir/2008},
  date = {2009-12-28},
  description = {dblp},
  editor = {Bello, Juan Pablo and Chew, Elaine and Turnbull, Douglas},
  ee = {http://ismir2008.ismir.net/papers/ISMIR2008_198.pdf},
  interhash = {a3dfec41d266516e33dec8dad9e91c61},
  intrahash = {d7a9d2883b0015a479e3d7a53696fb7f},
  isbn = {978-0-615-24849-3},
  keywords = {dblp},
  pages = {544-549},
  timestamp = {2009-12-28T00:00:00.000+0100},
  title = {Non-Negative Matrix Division for the Automatic Transcription of Polyphonic Music.},
  url = {http://dblp.uni-trier.de/db/conf/ismir/ismir2008.html#Niedermayer08},
  year = 2008
}

@article{seung2001algorithms,
  title={Algorithms for non-negative matrix factorization},
  author={Seung, D and Lee, L},
  journal={Advances in neural information processing systems},
  volume={13},
  pages={556--562},
  year={2001}
}

@article{lee1999learning,
  title={Learning the parts of objects by non-negative matrix factorization},
  author={Lee, Daniel D and Seung, H Sebastian},
  journal={Nature},
  volume={401},
  number={6755},
  pages={788--791},
  year={1999},
  publisher={Nature Publishing Group}
}

@article{moorer1977transcription,
  title={On the transcription of musical sound by computer},
  author={Moorer, James A},
  journal={Computer Music Journal},
  pages={32--38},
  year={1977},
  publisher={JSTOR}
}

@article{stevens1937scale,
  title={A scale for the measurement of the psychological magnitude pitch},
  author={Stevens, Stanley Smith and Volkmann, John and Newman, Edwin B},
  journal={The Journal of the Acoustical Society of America},
  volume={8},
  pages={185},
  year={1937}
}
